<record><leader>00000cas a22000007a 4500</leader><controlfield tag="001">10106965</controlfield><controlfield tag="008">831108d18671876mnudn ne      0    0eng  </controlfield><controlfield tag="009">466</controlfield><datafield ind1=" " ind2=" " tag="010"><subfield code="a">sn 83016762 </subfield></datafield><datafield ind1=" " ind2=" " tag="040"><subfield code="a">DLC</subfield><subfield code="b">eng</subfield><subfield code="c">DLC</subfield><subfield code="d">NPX</subfield><subfield code="d">MN#</subfield><subfield code="d">DLC</subfield><subfield code="d">OCLCF</subfield></datafield><datafield ind1=" " ind2=" " tag="042"><subfield code="a">msc</subfield></datafield><datafield ind1=" " ind2=" " tag="043"><subfield code="a">n-us-mn</subfield></datafield><datafield ind1="0" ind2="0" tag="050"><subfield code="a">Newspaper</subfield></datafield><datafield ind1=" " ind2=" " tag="052"><subfield code="a">4144</subfield><subfield code="b">M5</subfield></datafield><datafield ind1="0" ind2=" " tag="130"><subfield code="a">Minneapolis daily tribune (Minneapolis, Minn. : 1867)</subfield></datafield><datafield ind1="1" ind2="0" tag="245"><subfield code="a">Minneapolis daily tribune.</subfield></datafield><datafield ind1="1" ind2=" " tag="246"><subfield code="i">Issues for Sunday Feb. 7, 1875-Apr. 18, 1875, Nov. 21, 1875-Apr. 30, 1876 published as:</subfield><subfield code="a">Minneapolis Sunday tribune</subfield></datafield><datafield ind1="1" ind2=" " tag="246"><subfield code="i">Issues for Sunday Apr. 25, 1875-Nov. 14, 1875 published as:</subfield><subfield code="a">Sunday tribune</subfield></datafield><datafield ind1="3" ind2="0" tag="246"><subfield code="a">Daily tribune</subfield></datafield><datafield ind1=" " ind2=" " tag="250"><subfield code="a">Morning ed.</subfield></datafield><datafield ind1=" " ind2=" " tag="260"><subfield code="a">Minneapolis, Minn. :</subfield><subfield code="b">Tribune Print. Co.,</subfield><subfield code="c">1867-1876.</subfield></datafield><datafield ind1=" " ind2=" " tag="300"><subfield code="a">9 v.</subfield></datafield><datafield ind1=" " ind2=" " tag="310"><subfield code="a">Daily (except Monday)</subfield></datafield><datafield ind1="0" ind2=" " tag="362"><subfield code="a">Vol. 1, no. 1 (May 25, 1867)-v. 9, no. 299 (Apr. 30, 1876).</subfield></datafield><datafield ind1=" " ind2=" " tag="530"><subfield code="a">Available on microfilm from the Minnesota Historical Society and Bell &amp; Howell Information and Learning.</subfield></datafield><datafield ind1=" " ind2=" " tag="580"><subfield code="a">Merger of: Minneapolis daily chronicle, and: State atlas.</subfield></datafield><datafield ind1=" " ind2=" " tag="580"><subfield code="a">Merged with: Saint Paul daily pioneer-press, to form: Pioneer-press and tribune (Saint Paul, Minn. : Daily), and: Minneapolis tribune (Minneapolis, Minn. : 1876).</subfield></datafield><datafield ind1=" " ind2="0" tag="651"><subfield code="a">Minneapolis (Minn.)</subfield><subfield code="v">Newspapers.</subfield></datafield><datafield ind1=" " ind2="0" tag="651"><subfield code="a">Hennepin County (Minn.)</subfield><subfield code="v">Newspapers.</subfield></datafield><datafield ind1=" " ind2="7" tag="655"><subfield code="a">Newspapers.</subfield><subfield code="2">fast</subfield><subfield code="0">(OCoLC)fst01423814</subfield></datafield><datafield ind1=" " ind2="7" tag="651"><subfield code="a">Minnesota</subfield><subfield code="z">Hennepin County.</subfield><subfield code="2">fast</subfield><subfield code="0">(OCoLC)fst01213354</subfield></datafield><datafield ind1=" " ind2="7" tag="651"><subfield code="a">Minnesota</subfield><subfield code="z">Minneapolis.</subfield><subfield code="2">fast</subfield><subfield code="0">(OCoLC)fst01204260</subfield></datafield><datafield ind1=" " ind2=" " tag="752"><subfield code="a">United States</subfield><subfield code="b">Minnesota</subfield><subfield code="c">Hennepin</subfield><subfield code="d">Minneapolis.</subfield></datafield><datafield ind1="0" ind2=" " tag="775"><subfield code="t">Minneapolis weekly tribune</subfield><subfield code="w">(DLC)sn 84031848</subfield><subfield code="w">(OCoLC)11255157</subfield></datafield><datafield ind1="0" ind2=" " tag="775"><subfield code="t">Minneapolis tri-weekly tribune</subfield><subfield code="w">(DLC)sn 85033517</subfield><subfield code="w">(OCoLC)12025095</subfield></datafield><datafield ind1="1" ind2="4" tag="780"><subfield code="t">Minneapolis daily chronicle</subfield><subfield code="w">(DLC)sn 90059727</subfield><subfield code="w">(OCoLC)1757610</subfield></datafield><datafield ind1="1" ind2="4" tag="780"><subfield code="t">State atlas</subfield><subfield code="w">(DLC)sn 84031593</subfield><subfield code="w">(OCoLC)11151198</subfield></datafield><datafield ind1="0" ind2="5" tag="780"><subfield code="t">Minneapolis evening times (Minneapolis, Minn. : 5 p.m. ed.)</subfield><subfield code="w">(DLC)sn 90060412</subfield><subfield code="w">(OCoLC)22644335</subfield></datafield><datafield ind1="0" ind2="5" tag="780"><subfield code="t">Minneapolis evening mail</subfield><subfield code="w">(DLC)sn 85025541</subfield><subfield code="w">(OCoLC)1757615</subfield></datafield><datafield ind1="1" ind2="7" tag="785"><subfield code="t">Saint Paul daily pioneer-press</subfield><subfield code="w">(DLC)sn 83016775</subfield><subfield code="w">(OCoLC)10111042</subfield></datafield><datafield ind1="1" ind2="7" tag="785"><subfield code="t">Pioneer-press and tribune (Saint Paul, Minn. : Daily)</subfield><subfield code="w">(DLC)sn 83016776</subfield><subfield code="w">(OCoLC)10111448</subfield></datafield><datafield ind1="1" ind2="7" tag="785"><subfield code="t">Minneapolis tribune (Minneapolis, Minn. : 1876)</subfield><subfield code="w">(DLC)sn 83016767</subfield><subfield code="w">(OCoLC)10107844</subfield></datafield></record>